@unpublished{black1998,
  author = {{Black}, Eric},
  title = "Notes on the Pound-Drever-Hall Technique",
  institution = "LIGO - California Institute of Technology",
  year = "1998",
  month = apr,
  note = "file /home/blacke/documents/pdh-notes/pdh11.ps- printed May 22, 1998"
}