@unpublished{black1998,
  author = {{Black}, Eric},
  title = "Notes on the Pound-Drever-Hall Technique",
  institution = "LIGO - California Institute of Technology",
  year = "1998",
  month = apr,
  note = "file /home/blacke/documents/pdh-notes/pdh11.ps- printed May 22, 1998"
}

@unpublished{madison14,
  author = {{Madison}, Kirk},
  title = "Meeting with Kirk Madison",
  year = "Sept 12, 2014"
}

@ARTICLE{maguire2006,
  author = {{Maguire}, LP. and {van Bijnen}, RMW. and {Schloten}, RE.},
  title = "Theoretical calculation of saturated absorption spectra for multi-level atoms",
  journal = {Journal of Physics B: Molecular and Optical Physics},
  volume = 39,
  year = 2006,
  month = jun,
  pages = "2709-2720",
}

@manual{thorlabs_eom,
  organization = {{Thorlabs}},
  title = "EO-PM-NR-C1 Electro-Optic Phase Modulator Operating Manual",
  url = "http://www.thorlabs.com/thorproduct.cfm?partnumber=EO-PM-NR-C1"
}

@unpublished{steckrb87,
  author  = "Daniel A. Steck",
  title = "Rubidium 87 D Line Data",
  year = 2010,
  month  = dec,
  note  = "Available online at http://steck.us/alkalidata",
}

@article{PhysRevLett.44.1251,
  title = {High-Frequency Optically Heterodyned Saturation Spectroscopy Via Resonant Degenerate Four-Wave Mixing},
  author = {Raj, R. K. and Bloch, D. and Snyder, J. J. and Camy, G. and Ducloy, M.},
  journal = {Phys. Rev. Lett.},
  volume = {44},
  issue = {19},
  pages = {1251--1254},
  numpages = {4},
  year = {1980},
  month = {May},
  publisher = {American Physical Society},
  doi = {10.1103/PhysRevLett.44.1251},
  url = {http://link.aps.org/doi/10.1103/PhysRevLett.44.1251}
}

@article{0957-0233-19-10-105601,
  author={D J McCarron and S A King and S L Cornish},
  title={Modulation transfer spectroscopy in atomic rubidium},
  journal={Measurement Science and Technology},
  volume={19},
  number={10},
  pages={105601},
  url={http://stacks.iop.org/0957-0233/19/i=10/a=105601},
  year={2008}
}

@article{Shirley:82,
  author = {Jon H. Shirley},
  journal = {Opt. Lett.},
  keywords = {},
  number = {11},
  pages = {537--539},
  publisher = {OSA},
  title = {Modulation transfer processes in optical heterodyne saturation spectroscopy},
  volume = {7},
  month = {Nov},
  year = {1982},
  url = {http://ol.osa.org/abstract.cfm?URI=ol-7-11-537},
  doi = {10.1364/OL.7.000537}
}


